@String{joc = {J. Climate}}
@String{qjrms = {Quart. J. Roy. Meteor. Soc.}}
@String{grl = {Geophys. Res. Lett.}}
@String{cd = {Climate Dyn.}}
@String{jgr = {J. Geophys. Res.}}
@String{jgro = {J. Geophys. Res. - Oceans}}
@String{jgra = {J. Geophys. Res. - Atmospheres}}
@String{mwr = {Mon. Wea. Rev.}}
@String{jas = {J. of Atmos Sci.}}
@String{jam = {J. Appl. Meteor.}}
@String{bams = {Bull. Amer. Meteor. Soc.}}
@String{jpo = {J. Phys. Oceanogr.}}
@String{aee = {Agriculture Ecosystems and Environment}}
@String{bwho = {Bull. World Health Org.}}
@String{tp = {Trends in Parasitology}}
@String{tel = {Tellus}}
@String{tela = {Tellus A}}
@String{wf = {Wea. Forecasting}}
@String{nat = {Nature}}
@String{jh  = {J. Hydrometeorology}}
@String{bams = {Bull. Amer. Meteor. Soc.}}
@String{asl = {Atmos. Sci. Lett.}}
@String{jmsj = {J. Meteor. Soc, Japan}}
@String{jcp = {J. Comput. Phys.}}
@String{ijnmf = {Int. J. Numer. Meth. Fluids}}
@String{ijnme = {Int. J. Numer. Meth. Engineering}}
@String{cmame = {Comput. Methods Appl. Mech. Eng.}}
@String{anum = {Acta Numerica}}
@String{anm = {Applied Numerical Mathematics}}
@String{asl = {Atmos. Sci. Lett.}}
@String{jfm = {J. Fluid Mechanics}}
@String{jsc = {J. Sci. Comp.}}
@String{SIAMjsc = {SIAM J. Sci. Comput.}}
@String{gmd = {Geosci. Model Dev.}}
@String{gmdd = {Geosci. Model Dev. Discuss.}}
@String{om = {Ocean Model.}}
@String{procRoySocA = {Proc. Roy. Soc. A}}
@String{jpa = {J. Phys. A}}

@article{MPDATA1998,
title = "{MPDATA}: A Finite-Difference Solver for Geophysical Flows",
journal = jcp,
volume = "140",
number = "2",
pages = "459 - 480",
year = "1998",
OPTissn = "0021-9991",
OPTdoi = "https://OPTdoi.org/10.1006/jcph.1998.5901",
OPTurl = "http://www.sciencedirect.com/science/article/pii/S0021999198959010",
author = "P. K. Smolarkiewicz and L. G. Margolin",
}


@article{KENT2017,
author = {Kent, J},
title = {Capturing the Cross-Terms in Multi-Dimensional Advection Schemes. },
journal = {Int. J. Numer. Meth Fluids},
year={in revision, 2018},
notes = {in revision},
}

@article{KENT2018,
author = {Kent, J},
title = {A Positive Definite Limiter for Advection Problems. },
journal = {J. Comput. Phys.},
year={in submission, 2019},
notes = {in submission},
}


@article{HOLDAWAY,
author = {Holdaway, D. and Lin, S.-J. and Kent, J. and Kim, J. G.},
title = {Development of the tangent linear and adjoint versions of the finite volume cubed sphere ({FV3}) dynamical core: strategy and scientific assessment. },
journal = {Mon. Weather Rev},
year={in submission, 2019},
notes = {in submission},
}


@Article{DCMIP2016,
AUTHOR = {Ullrich, P. A. and Jablonowski, C. and Kent, J. and Lauritzen, P. H. and Nair, R. and Reed, K. A. and Zarzycki, C. M. and Hall, D. M. and Dazlich, D. and Heikes, R. and Konor, C. and Randall, D. and Dubos, T. and Meurdesoif, Y. and Chen, X. and Harris, L. and K\"uhnlein, C. and Lee, V. and Qaddouri, A. and Girard, C. and Giorgetta, M. and Reinert, D. and Klemp, J. and Park, S.-H. and Skamarock, W. and Miura, H. and Ohno, T. and Yoshida, R. and Walko, R. and Reinecke, A. and Viner, K.},
TITLE = {{DCMIP2016}:  {a} review of non-hydrostatic dynamical core design and intercomparison of participating models},
JOURNAL = gmd,
VOLUME = {10},
YEAR = {2017},
NUMBER = {12},
PAGES = {4477--4509},
OPTurl = {https://www.geosci-model-dev.net/10/4477/2017/},
OPTdoi = {10.5194/gmd-10-4477-2017}
}

@Article{DUBOS,
AUTHOR = {Dubos, T. and Dubey, S. and Tort, M. and Mittal, R. and Meurdesoif, Y. and Hourdin, F.},
TITLE = {{DYNAMICO-1.0}, an icosahedral hydrostatic dynamical core designed for consistency and versatility},
JOURNAL = gmd,
VOLUME = {8},
YEAR = {2015},
NUMBER = {10},
PAGES = {3131--3150},
OPTurl = {https://www.geosci-model-dev.net/8/3131/2015/},
OPTdoi = {10.5194/gmd-8-3131-2015}
}


@article{LINROOD96,
author = {Lin, S.-J. and Rood, R. B.},
title = {Multidimensional Flux-Form Semi-{L}agrangian Transport Schemes},
journal = mwr,
volume = {124},
number = {9},
pages = {2046-2070},
year = {1996},

}


@article{LEONARD96,
author = {Leonard, B. P. and Lock, A. P. and MacVean, M. K.},
title = {Conservative Explicit Unrestricted-Time-Step Multidimensional Constancy-Preserving Advection Schemes},
journal = mwr,
volume = {124},
number = {11},
pages = {2588-2606},
year = {1996},
}


@article{TREMBACK,
author = {Tremback, C. J. and Powell, J. and Cotton, W. R. and Pielke, R. A.},
title = {The Forwardâ€“in-Time Upstream Advection Scheme: Extension to Higher Orders},
journal = mwr,
volume = {115},
number = {2},
pages = {540-555},
year = {1987},
}

@article{FVCUBED,
title = "Finite-volume transport on various cubed-sphere grids",
journal = jcp,
volume = "227",
number = "1",
pages = "55 - 78",
year = "2007",
OPTissn = "0021-9991",
OPTdoi = "https://OPTdoi.org/10.1016/j.jcp.2007.07.022",
OPTurl = "http://www.sciencedirect.com/science/article/pii/S0021999107003105",
author = "W. M. Putman and S.-J. Lin",
}

@article{BOSLER,
title = "A {L}agrangian particle method with remeshing for tracer transport on the sphere",
journal = jcp,
volume = "340",
pages = "639 - 654",
year = "2017",
OPTissn = "0021-9991",
OPTdoi = "https://OPTdoi.org/10.1016/j.jcp.2017.03.052",
OPTurl = "http://www.sciencedirect.com/science/article/pii/S002199911730253X",
author = "P. A. Bosler and J. Kent and R. Krasny and C. Jablonowski",
}


@article{HALL,
author = {Hall, D. M. and Ullrich, P. A. and Reed, K. A. and Jablonowski, C. and Nair, R. D. and Tufo, H. M.},
title = {{D}ynamical {C}ore {M}odel {I}ntercomparison {P}roject ({DCMIP}) tracer transport test results for {CAM-SE}},
journal = qjrms,
volume = {142},
number = {697},
  year = {2016},
pages = {1672-1684},
}


@article{ENDGAME,
author = {Wood, N. and Staniforth, A. and White, A. and Allen, T. and Diamantakis, M. and Gross, M. and Melvin, T. and Smith, C. and Vosper, S. and Zerroukat, M. and Thuburn, J.},
title = {An inherently mass-conserving semi-implicit semi-Lagrangian discretization of the deep-atmosphere global non-hydrostatic equations},
journal = qjrms,
volume = {140},
number = {682},
  year = {2014},
pages = {1505-1520},
}


@article{LINROOD97,
author = {Lin, S-J and Rood, R. B.},
title = {An explicit flux-form semi-{L}agrangian shallow-water model on the sphere},
journal = qjrms,
volume = {123},
number = {544},
  year = {1997},
pages = {2477-2498},
}

@article{KENT2016,
author = {Kent, J and Jablonowski, C and Thuburn, J and Wood, N},
title = {An energy-conserving restoration scheme for the shallow-water equations},
journal = qjrms,
volume = {142},
number = {695},  
year = {2016},
pages = {1100-1110},
}

@article{KENTHOLDAWAY,
author = {Kent, J and Holdaway, D},
title = {An idealized test case for assessing the linearization of tracer transport schemes in {NWP} models},
journal = qjrms,
volume = {143},
number = {705},
  year = {2017},
pages = {1746-1755},
keywords = {NWP, dynamics, advection, adjoint, TLM, linearization},
OPTdoi = {10.1002/qj.3027},
}


@ARTICLE{PPM,
  author = {P. Colella and P. R. Woodward},
  title = {The {Piecewise Parabolic Method (PPM)} for Gas-Dynamical Simulations},
  journal = {J. Comput. Phys.},
  year = {1984},
  volume = {54},
  pages = {174-201},
  owner = {drholdaw},
  timestamp = {2014.10.28}}

@article{HOLDAWAYTHUBURNWOOD,
	Author = {Holdaway, D. and Thuburn, J. and Wood, N.},
	Date-Added = {2016-04-17 15:28:42 +0000},
	Date-Modified = {2016-04-17 15:29:51 +0000},
	Journal = {Int. J. Num. Meth. Fl.},
	Pages = {1297-1303},
	Title = {On the relation between order of accuracy, convergence rate and spectral slope for linear numerical methods applied to multiscale problems},
	Volume = {56},
	Year = {2008}}

@article{LAURITZEN2015,
	Author = {Lauritzen, P. H. and Conley, A. J. and Lamarque, J.-F. and Vitt, F. and Taylor, M. A.},
	Date-Added = {2016-07-04 09:28:42 +0000},
	Date-Modified = {2016-07-04 09:29:51 +0000},
	Journal = gmd,
	Pages = {1299-1313},
	Title = {The terminator "toy"-chemistry test: A simple tool to assess errors in transport schemes},
	Volume = {8},
	Year = {2015}}

@article{WILLIAMSON1992,
	Author = {Williamson, D. L. and Drake, J. B. and Hack, J. J. and Jakob, R. and Swarztrauber, P. N.},
	Date-Added = {2016-04-17 15:23:47 +0000},
	Date-Modified = {2016-04-17 15:24:43 +0000},
	Journal = {J. Comput. Phys.},
	Pages = {211-224},
	Title = {A standard test set for numerical approximations to the shallow water equations in spherical geometry},
	Volume = {102},
	Year = {1992}}

@article{WHITEHEAD2015,
	Author = {Whitehead, J. P. and Jablonowski, C. and Kent, J. and Rood, R. B.},
	Date-Added = {2016-04-17 15:23:00 +0000},
	Date-Modified = {2016-04-17 15:23:42 +0000},
	Journal = {Quart. J. Roy. Meteor. Soc.},
	Pages = {739-751},
	Title = {Potential vorticity: Measuring consistency between {GCM} dynamical cores and tracer advection schemes},
	Volume = {141},
	Year = {2015}}

@article{VANLEEUWEN2009,
	Author = {Van Leeuwen, P.},
	Date-Added = {2016-04-17 15:22:19 +0000},
	Date-Modified = {2016-04-17 15:22:55 +0000},
	Journal = {Mon. Wea. Rev.},
	Pages = {4089-4114},
	Title = {Particle filtering in geophysical systems},
	Volume = {137},
	Year = {2009}}

@article{THUBURNHAINE2001,
	Author = {Thuburn, J. and Haine, T. W. N.},
	Date-Added = {2016-04-17 15:21:33 +0000},
	Date-Modified = {2016-04-17 15:22:17 +0000},
	Journal = {J. Comput. Phys.},
	Pages = {616-631},
	Title = {Adjoints of Nonoscillatory Advection Schemes},
	Volume = {171},
	Year = {2001}}

@article{THUBURN1996,
	Author = {Thuburn, J.},
	Date-Added = {2016-04-17 15:20:52 +0000},
	Date-Modified = {2016-04-17 15:21:31 +0000},
	Journal = {J. Comput. Phys.},
	Pages = {74-83},
	Title = {Multidimensional flux-limited advection schemes.},
	Volume = {23},
	Year = {1996}}

@article{SMOLARKIEWICZ,
	Author = {Smolarkiewicz, P. K.},
	Date-Added = {2016-04-17 15:19:57 +0000},
	Date-Modified = {2016-04-17 15:20:46 +0000},
	Journal = {Mon. Wea. Rev.},
	Pages = {1968-1983},
	Title = {The multidimensional {C}rowley advection scheme},
	Volume = {110},
	Year = {1982}}

@article{OVTCHINNIKOV2009,
	Author = {Ovtchinnikov, M. and R. C. Easter},
	Date-Added = {2016-04-17 15:18:55 +0000},
	Date-Modified = {2016-04-17 15:19:56 +0000},
	Journal = {Mon. Wea. Rev.},
	Pages = {632-644},
	Title = {Nonlinear advection algorithms applied to interrelated tracers: Errors and implications for modeling aerosol-cloud interactions},
	Volume = {137},
	Year = {2009}}

@article{NL2010JCP,
	Author = {Nair, R. D. and Lauritzen, P. H.},
	Date-Added = {2016-04-17 15:17:59 +0000},
	Date-Modified = {2016-04-17 15:18:48 +0000},
	Journal = {J. Comput. Phys.},
	Number = {8868-8887},
	Title = {A class of deformational flow test cases for linear transport problems on the sphere},
	Volume = {229},
	Year = {2010}}

@article{NJ2008MWR,
	Author = {Nair, R. D. and Jablonowski, C.},
	Date-Added = {2016-04-17 15:17:10 +0000},
	Date-Modified = {2016-04-17 15:17:53 +0000},
	Journal = {Mon. Wea. Rev.},
	Pages = {699-711},
	Title = {Moving vortices on the sphere: a test case for horizontal advection problems},
	Volume = {136},
	Year = {2008}}

@article{LEVY2007,
	Author = {Levy, M. N. and Nair, R. D. and Tufo, H. M.},
	Date-Added = {2016-04-17 15:16:26 +0000},
	Date-Modified = {2016-04-17 15:17:07 +0000},
	Journal = {Comput. Geosci.},
	Pages = {1022-1035},
	Title = {High-order {G}alerkin method for scalable global atmospheric models.},
	Volume = {33},
	Year = {2007}}

@techreport{LEONARD1993,
	Author = {Leonard, B. P. and MacVean, M. K. and Lock, A. P.},
	Date-Added = {2016-04-17 15:15:31 +0000},
	Date-Modified = {2016-04-17 15:16:25 +0000},
	Institution = {NASA Technical Memorandum 106055},
	Title = {Positivity-Preserving Numerical Schemes for Multidimensional Advection},
	Year = {1993}}

@article{LAXWENDROFF,
	Author = {Lax, P. D. and Wendroff, B.},
	Date-Added = {2016-04-17 15:14:52 +0000},
	Date-Modified = {2016-04-17 15:15:29 +0000},
	Journal = {Commun. Pure Appl. Math.},
	Pages = {217-237},
	Title = {Systems of conservation laws},
	Volume = {13},
	Year = {1960}}

@article{LT2012,
	Author = {Lauritzen, P. H. and Thuburn, J.},
	Date-Added = {2016-04-17 15:14:06 +0000},
	Date-Modified = {2016-04-17 15:14:48 +0000},
	Journal = {Quart. J. Roy. Meteor. Soc.},
	Pages = {906-918},
	Title = {Evaluating advection/transport schemes using interrelated tracers, scatter plots and numerical mixing diagnostics.},
	Volume = {138},
	Year = {2012}}

@article{Letal2014,
	Author = {Lauritzen, P. H. and Ullrich, P. A. and Jablonowski, C. and Bosler, P. A. and Calhoun, D. and Conley, A. J. and Enomoto, T. and Dong, L. and Dubey, S. and Guba, O. and Hansen, A. B. and Kaas, E. and Kent, J. and Lamarque, J. F. and Prather, M. J. and  Reinert, D. and Shashkin, V. V. and Skamarock, W. C. and Sorensen, B. and Taylor, M. A. and Tolstykh, M. A.},
	Date-Added = {2016-04-17 15:12:08 +0000},
	Date-Modified = {2016-04-17 15:14:03 +0000},
	Journal = {Geosci. Model Dev.},
	Pages = {105-145},
	Title = {A Standard Test Case Suite For Two-Dimensional Linear Transport on the Sphere: Results From a Collection of State-of-the-Art Schemes.},
	Volume = {5},
	Year = {2014}}

@article{LSPT2012,
	Author = {Lauritzen, P. H. and Skamarock, W. C. and Prather, M. J. and Taylor, M. A.},
	Date-Added = {2016-04-17 15:10:02 +0000},
	Date-Modified = {2016-04-17 15:12:06 +0000},
	Journal = {Geosci. Model Dev.},
	Pages = {105-145},
	Title = {A standard test case suite for two-dimensional linear transport on the sphere},
	Volume = {5},
	Year = {2012}}

@article{LJTN2010,
	Author = {Lauritzen, P. H. and Jablonowski, C. J. and Taylor, M. A. and Nair, R. D.},
	Date-Added = {2016-04-17 15:09:01 +0000},
	Date-Modified = {2016-04-17 15:09:58 +0000},
	Journal = {J. Adv. Model. Earth Syst.},
	Pages = {34},
	Title = {Rotated versions of the {J}ablonowski steady-state and baroclinic wave test cases: A dynamical core intercomparison},
	Volume = {2},
	Year = {2010}}

@article{LAMARQUE,
	Author = {Lamarque, J.-F. and Kinnison, D. E. and Hess, P. G. and Vitt, F. M.},
	Date-Added = {2016-04-17 15:07:12 +0000},
	Date-Modified = {2016-04-17 15:31:26 +0000},
	Journal = {J. Geo. Res.},
	Pages = {D12301},
	Title = {Simulated lower stratospheric trends between 1970 and 2005: Identifying the role of climate and composition changes.},
	Volume = {113},
	Year = {2008}}

@article{KENT2014a,
	Author = {Kent, J. and Ullrich, P. A. and Jablonowski, C.},
	Date-Added = {2016-04-17 15:06:03 +0000},
	Date-Modified = {2016-04-17 15:07:03 +0000},
	Journal = {Quart. J. Roy. Meteor. Soc.},
	Pages = {1279-1293},
	Title = {Dynamical core model intercomparison project: Tracer transport test cases},
	Volume = {140},
	Year = {2014}}

@article{KENT2014b,
	Author = {Kent, J. and Jablonowski, C. and Whitehead, J. P. and Rood, R. B.},
	Journal = {J. Comput. Phys.},
	Pages = {485-496},
	Title = {Determining The Effective Resolution of Advection Schemes. {Part I}: Dispersion Analysis. },
	Volume = {278},
	Year = {2014}}

@article{KENT2014c,
	Author = {Kent, J. and Jablonowski, C. and Whitehead, J. P. and Rood, R. B.},
	Journal = {J. Comput. Phys.},
	Pages = {497-508},
	Title = {Determining The Effective Resolution of Advection Schemes. {Part II}: Numerical Testing.  },
	Volume = {278},
	Year = {2014}}

@article{KENT2012a,
	Author = {Kent, J. and Jablonowski, C. and Whitehead, J. P. and Rood, R. B.},
	Date-Added = {2016-04-17 15:05:10 +0000},
	Date-Modified = {2016-04-17 15:08:47 +0000},
	Journal = {Geo. Model Dev.},
	Pages = {1517-1530},
	Title = {Downscale cascades in tracer transport test cases: an intercomparison of the dynamical cores in the {Community Atmosphere Model CAM5}},
	Volume = {5},
	Year = {2012}}

@article{KENT2012b,
	Author = {Kent, J. and Jablonowski, C. and Whitehead, J. P. and Rood, R. B.},
	Journal = {Mon. Weather Rev.},
	Pages = {1620-1638},
	Title = {Assessing tracer transport algorithms and the impact of vertical resolution in a finite-volume dynamical core},
	Volume = {140},
	Year = {2012}}

@article{KENT2012c,
	Author = {Kent, J. and Thuburn, J. and Wood, N.},
	Journal = {Q. J. Royal. Meteorol. Soc.},
	Pages = {365-375},
	Title = {Assessing Implicit Large Eddy Simulation for Two-Dimensional Flow},
	Volume = {138},
	Year = {2012}}

@book{KALNAY2003,
	Author = {E. Kalnay},
	Date-Added = {2016-04-17 15:04:37 +0000},
	Date-Modified = {2016-04-17 15:05:08 +0000},
	Publisher = {Cambridge Univ. Press},
	Title = {Atmospheric Modeling, Data Assimilation and Predictability},
	Year = {2003}}

@article{CJBAROCLINIC,
	Author = {Jablonowski, C. and Williamson, D. L.},
	Date-Added = {2016-04-17 15:03:37 +0000},
	Date-Modified = {2016-04-17 15:04:30 +0000},
	Journal = {Quart. J. Roy. Meteor. Soc.},
	Pages = {2943-2975},
	Title = {A Baroclinic Instability Test Case for Atmospheric Model Dynamical Cores.},
	Volume = {132},
	Year = {2006}}

@article{HOLDAWAYETAL2015,
	Author = {Holdaway, D. and Errico, R. and Gelaro, R. and Kim, J. G.  and Mahajan, R.},
	Date-Added = {2016-04-17 15:02:52 +0000},
	Date-Modified = {2016-04-17 15:08:31 +0000},
	Journal = {Mon. Wea. Rev.},
	Pages = {414-433},
	Title = {A Linearized Prognostic Cloud Scheme in {NASA's} {G}oddard {E}arth {O}bserving {S}ystem Data Assimilation Tools.},
	Volume = {142},
	Year = {2015}}

@article{HOLDAWAYKENT,
	Author = {Holdaway, D. and Kent, J.},
	Date-Added = {2016-04-17 15:01:57 +0000},
	Date-Modified = {2016-04-17 15:28:34 +0000},
	Journal = {Tellus A},
	Pages = {27895},
	Title = {Assessing the tangent linear behavior of common tracer transport schemes and their use in a linearized atmospheric general circulation model.},
	Volume = {67},
	Year = {2015}}

@article{ERRICOETAL1993,
	Author = {Errico, R. and Vukicevic, T. and Raeder, K.},
	Date-Added = {2016-04-17 15:01:57 +0000},
	Date-Modified = {2016-04-17 15:28:34 +0000},
	Journal = {Tellus A},
	Pages = {462-477},
	Title = {Examination of the accuracy of a tangent linear model},
	Volume = {45A},
	Year = {1993}}

@article{TLMCODE,
	Author = {Hascoet, L. and Pascual, V.},
	Date-Added = {2016-04-17 15:01:09 +0000},
	Date-Modified = {2016-04-17 15:01:56 +0000},
	Journal = {ACM Trans. Math. Softw.},
	Number = {20},
	Pages = {1-20:43},
	Title = {The {T}apenade automatic differentiation tool: principles, model, and specification.},
	Volume = {39},
	Year = {2013}}

@article{GODUNOV1959,
	Author = {Godunov, S. K.},
	Date-Added = {2016-04-17 15:00:09 +0000},
	Date-Modified = {2016-04-17 15:01:01 +0000},
	Journal = {Math. Sbornik},
	Pages = {271-360},
	Title = {Finite difference method for numerical computation of discontinuous solutions of the equations of fluid dynamics (in {R}ussian)},
	Volume = {47},
	Year = {1959}}

@article{CROWLEY,
	Author = {Crowley, W. P.},
	Date-Added = {2016-04-17 14:58:54 +0000},
	Date-Modified = {2016-04-17 15:30:52 +0000},
	Journal = {Mon. Wea. Rev.},
	Pages = {1-11},
	Title = {Numerical Advection Experiments.},
	Volume = {96},
	Year = {1968}}

@article{LORENC1986,
	Author = {Lorenc, A. C.},
	Date-Added = {2016-06-08 14:58:54 +0000},
	Date-Modified = {2016-06-08 15:30:52 +0000},
	Journal = {Quart. J. Roy. Meteorol. Soc.},
	Pages = {1177-1194},
	Title = {Analysis methods for numerical weather prediction},
	Volume = {112},
	Year = {1986}}

@article{shutts2013coarse,
  title={Coarse graining the vorticity equation in the ECMWF integrated forecasting system: the search for kinetic energy backscatter},
  author={Shutts, GJ},
  journal={Journal of the Atmospheric Sciences},
  volume={70},
  number={4},
  pages={1233--1241},
  year={2013}
}

@article{thuburn2014cascades,
  title={Cascades, backscatter and conservation in numerical models of two-dimensional turbulence},
  author={Thuburn, J. and Kent, J. and Wood, N.},
  journal=qjrms,
  volume={140},
  number={679},
  pages={626--638},
  year={2014},
  publisher={Wiley Online Library}
}

@article{alnaes2014unified,
  title={Unified form language: A domain-specific language for weak formulations of partial differential equations},
  author={Aln{\ae}s, Martin S and Logg, Anders and {\O}lgaard, Kristian B and Rognes, Marie E and Wells, Garth N},
  journal={ACM Transactions on Mathematical Software (TOMS)},
  volume={40},
  number={2},
  pages={9},
  year={2014},
  publisher={ACM}
}

@article{mitchell2016high,
  title={High level implementation of geometric multigrid solvers for finite element problems: applications in atmospheric modelling},
  author={Mitchell, Lawrence and M{\"u}ller, Eike Hermann},
  journal=jcp,
  volume={327},
  pages={1--18},
  year={2016},
  publisher={Elsevier}
}

@article{nashco16,
  title={Compatible finite element spaces for geophysical fluid dynamics},
  author={Natale, A and Shipton, J and Cotter, CJ},
  journal={Dynamics and Statistics of the Climate System},
  pages={dzw005},
  year={2016},
  publisher={The Oxford University Press}
}

@article{yamazaki2017vertical,
  title={Vertical slice modelling of nonlinear Eady waves using a compatible finite element method},
  author={Yamazaki, Hiroe and Shipton, Jemma and Cullen, Michael JP and Mitchell, Lawrence and Cotter, Colin J},
  journal=jcp,
  volume={343},
  pages={130--149},
  year={2017},
  publisher={Elsevier}
}

@article{cotter2016embedded,
  title={Embedded discontinuous Galerkin transport schemes with localised limiters},
  author={Cotter, Colin J and Kuzmin, Dmitri},
  journal=jcp,
  volume={311},
  pages={363--373},
  year={2016},
  publisher={Elsevier}
}

