@article{sw1,
  title={Building the international lattice data grid},
  author={Beckett, Mark G and others},
  journal={Computer Physics Communications},
  volume={182},
  number={6},
  pages={1208--1214},
  year={2011},
  publisher={Elsevier}
}

@article{sw2,
  title={GridPP: development of the UK computing Grid for particle physics},
  author={Faulkner, PJW and others},
  journal={Journal of Physics G: Nuclear and Particle Physics},
  volume={32},
  number={1},
  pages={N1},
  year={2006},
  publisher={IOP Publishing}
}

@article{sw3,
  title={Performance evaluation of mixed-mode {OpenMP/MPI} implementations},
  author={Bull, J Mark and Enright, James and Guo, Xu and Maynard, Chris and Reid, Fiona},
  journal={Int. J. parallel programming},
  volume={38},
  number={5-6},
  pages={396--417},
  year={2010},
  publisher={Springer}
}

@article{sw4,
  title={QCDGrid: A grid resource for Quantum Chromodynamics},
  author={Perry, James and others},
  journal={Journal of Grid Computing},
  volume={3},
  number={1},
  pages={113--130},
  year={2005},
  publisher={Springer Netherlands}
}

@article{sw5,
  title={UKQCD software for lattice quantum chromodynamics},
  author={Boyle, PA and Kenway, RD and Maynard, CM},
  journal={Phil. Trans. R. Soc. A: Mathematical, Physical and Engineering Sciences},
  volume={367},
  number={1897},
  pages={2585--2594},
  year={2009},
  publisher={The Royal Society}
}

@article{cps1,
  title={Comparing one-sided communication with {MPI, UPC and SHMEM}},
  author={Maynard, Chris},
  journal={Proceedings of the Cray User Group (CUG)},
  volume={2012},
  year={2012}
}

@inproceedings{cps2,
  title={Comparing {UPC} and one-sided {MPI}: A distributed hash table for gap},
  author={Maynard, C},
  booktitle={Fifth Conference on Partitioned Global Address Space Programming Models (PGAS11)},
  year={2011}
}

@incollection{cps3,
  title={Solving large systems on hector using the 2-Lagrange multiplier methods},
  author={Karangelis, Anastasios and Loisel, S{\'e}bastien and Maynard, Chris},
  booktitle={Domain Decomposition Methods in Science and Engineering XXI},
  pages={497--505},
  year={2014},
  publisher={Springer}
}

@article{cps4,
  title={A quantum multiply-accumulator},
  author={Maynard, Christopher and Pius, Einar},
  journal={Quantum Information Processing},
  volume={13},
  number={5},
  pages={1127--1138},
  year={2014},
  publisher={Springer US}
}

@misc{MP-paper,
  title="Precision of the {ENDGame}: Mixed-precision arithmetic in the iterative solver of the {Unified Model}",
  howpublished="arXiv:1811.03852",
  author={Maynard, Christoper and Walters, David},
  year = {2018}
  }

@inproceedings{monc1,
 author = {Brown, Nick and others},
 title = {A Highly Scalable Met Office NERC Cloud Model},
 booktitle = {Proceedings of the 3rd International Conference on Exascale Applications and Software},
 series = {EASC '15},
 year = {2015},
 isbn = {978-0-9926615-1-9},
 location = {Edinburgh, UK},
 pages = {132--137},
 numpages = {6},
 OPTurl = {http://dl.acm.org/citation.cfm?id=2820083.2820108},
 acmid = {2820108},
 publisher = {University of Edinburgh},
 address = {Edinburgh, Scotland, UK},
 keywords = {LEM, Large Eddy Simulation, MONC, Met Office}
}


@inproceedings{monc2,
 author = {Brown, Nick and others},
 title = {A Directive Based Hybrid Met Office NERC Cloud Model},
 booktitle = {Proceedings of the Second Workshop on Accelerator Programming Using Directives},
 series = {WACCPD '15},
 year = {2015},
 isbn = {978-1-4503-4014-4},
 location = {Austin, Texas},
 pages = {7:1--7:8},
 articleno = {7},
 numpages = {8},
 OPTurl = {http://doi.acm.org/10.1145/2832105.2832115},
 doi = {10.1145/2832105.2832115},
 acmid = {2832115},
 publisher = {ACM},
 address = {New York, NY, USA},
 keywords = {GPU, LEM, MONC, OpenACC, hybrid, large eddy simulation},
} 

@misc{lfric1,
author  = {Ford, RJ and others},
year = {2013},
howpublished = {Met Office Forcasting Research Technical Report No 587},
title = {GungHo Phase 1: Computational Science Report},
OPTurl = {https://www.metoffice.gov.uk/binaries/content/assets/mohippo/pdf/8/o/frtr587tagged.pdf}
}

@misc{lfric2,
author = {Adams, SV and others},
year = {2018},
howpublished = {arXiv:1809.07267},
title = {LFRic: Meeting the challenges of scalability and performance portability in Weather and Climate models}
}
