/home/hilary/latex/lit/numerics.bib